<record><leader>00000cas a2200000 a 4500</leader><controlfield tag="001">31197815</controlfield><controlfield tag="008">940929d19281958azuwr ne      0   a0eng d</controlfield><datafield ind1=" " ind2=" " tag="010"><subfield code="a">sn 94050516 </subfield></datafield><datafield ind1=" " ind2=" " tag="040"><subfield code="a">ANN</subfield><subfield code="b">eng</subfield><subfield code="c">ANN</subfield><subfield code="d">OCLCQ</subfield><subfield code="d">OCLCF</subfield><subfield code="d">OCLCO</subfield></datafield><datafield ind1="1" ind2=" " tag="029"><subfield code="a">AU@</subfield><subfield code="b">000011305432</subfield></datafield><datafield ind1=" " ind2=" " tag="042"><subfield code="a">msc</subfield></datafield><datafield ind1=" " ind2=" " tag="043"><subfield code="a">n-us-az</subfield></datafield><datafield ind1="0" ind2="4" tag="245"><subfield code="a">The San Pedro Valley news.</subfield></datafield><datafield ind1=" " ind2=" " tag="260"><subfield code="a">Benson, Cochise County, Ariz. :</subfield><subfield code="b">B.V. Lancaster</subfield></datafield><datafield ind1=" " ind2=" " tag="300"><subfield code="a">v. :</subfield><subfield code="b">ill.</subfield></datafield><datafield ind1=" " ind2=" " tag="310"><subfield code="a">Weekly</subfield></datafield><datafield ind1="0" ind2=" " tag="362"><subfield code="a">Vol. 32, no. 23 (Sept. 7, 1928)-v. 58, no. 52 (Feb. 28, 1958).</subfield></datafield><datafield ind1=" " ind2=" " tag="580"><subfield code="a">Merged with: Valley sun (St. David, Ariz.), to form: San Pedro Valley news and Valley sun.</subfield></datafield><datafield ind1=" " ind2="0" tag="651"><subfield code="a">Benson (Ariz.)</subfield><subfield code="v">Newspapers.</subfield></datafield><datafield ind1=" " ind2="0" tag="651"><subfield code="a">Cochise County (Ariz.)</subfield><subfield code="v">Newspapers.</subfield></datafield><datafield ind1=" " ind2="7" tag="655"><subfield code="a">Newspapers.</subfield><subfield code="2">fast</subfield><subfield code="0">(OCoLC)fst01423814</subfield></datafield><datafield ind1=" " ind2="7" tag="651"><subfield code="a">Arizona</subfield><subfield code="z">Benson.</subfield><subfield code="2">fast</subfield><subfield code="0">(OCoLC)fst01224355</subfield></datafield><datafield ind1=" " ind2="7" tag="651"><subfield code="a">Arizona</subfield><subfield code="z">Cochise County.</subfield><subfield code="2">fast</subfield><subfield code="0">(OCoLC)fst01207405</subfield></datafield><datafield ind1=" " ind2=" " tag="752"><subfield code="a">United States</subfield><subfield code="b">Arizona</subfield><subfield code="c">Cochise</subfield><subfield code="d">Benson.</subfield></datafield><datafield ind1="0" ind2="0" tag="780"><subfield code="t">Benson news</subfield><subfield code="w">(DLC)sn 94050515</subfield></datafield><datafield ind1="1" ind2="7" tag="785"><subfield code="t">Valley sun (St. David, Ariz.)</subfield><subfield code="w">(DLC)sn 84021914</subfield></datafield><datafield ind1="1" ind2="7" tag="785"><subfield code="t">San Pedro Valley news and Valley sun</subfield><subfield code="w">(DLC)sn 94050517</subfield></datafield></record>